%
% Wlang bibliography, XIN YUAN, 2020
%

@BOOK{Shukla:2000,
  AUTHOR =       "Dharma Shukla and Chris Sells
                  and Nenad Stefanovic",
  editor =       "",
  TITLE =        "White paper:WTL Makes UI Programming a Joy",
  PUBLISHER =    "www.develop.com",
  YEAR =         "2000",
  volume =       "",
  number =       "",
  series =       "",
  address =      "",
  edition =      "",
  month =        "",
  note =         "",
  abstract =     "",
  isbn =         "",
  price =        "",
  keywords =     "",
  source =       "",
  file = F
}

@MANUAL{Dunn:2006,
  TITLE =        "WTL for MFC Programmers",
  author =       "Michael Dunn",
  organization = "",
  address =      "",
  edition =      "",
  month =        "",
  year =         "",
  note =         "",
  abstract =     "",
  keywords =     "",
  source =       "",
  file = F
}

@BOOK{ATLjsnm:2003,
  AUTHOR =       "Brent Rector and Chris Sells",
  editor =       "",
  TITLE =        "ATL技术内幕（影印版）",
  PUBLISHER =    "科学出版社",
  YEAR =         "2003",
  volume =       "",
  number =       "",
  series =       "",
  address =      "",
  edition =      "",
  month =        "",
  note =         "",
  abstract =     "",
  isbn =         "",
  price =        "",
  keywords =     "",
  source =       "",
  file = F
}

@BOOK{wincxsj:2004,
  AUTHOR =       "Charles Petzold",
  editor =       "",
  TITLE =        "Windows~程序设计（第5版）",
  PUBLISHER =    "北京大学出版社",
  YEAR =         "2004",
  volume =       "",
  number =       "",
  series =       "",
  address =      "",
  edition =      "",
  month =        "",
  note =         "",
  abstract =     "",
  isbn =         "",
  price =        "",
  keywords =     "",
  source =       "",
  file = F
}

@BOOK{cs:2004,
  AUTHOR =       "微软",
  editor =       "",
  TITLE =        "C\#教程",
  PUBLISHER =    "微软",
  YEAR =         "2004",
  volume =       "",
  number =       "",
  series =       "",
  address =      "",
  edition =      "",
  month =        "",
  note =         "",
  abstract =     "",
  isbn =         "",
  price =        "",
  keywords =     "",
  source =       "",
  file = F
}
